@book{Bramer2007,
	author={Max Bramer},
	year={2007},
	title={Principles of Data Mining},
	publisher={Springer},
	address={London, UK},
	language={English}
}

@book{Frank2000,
	author={Ian H. Witten, Eibe Frank},
	year={2000},
	title={Data mining: practical machine learning tools and techniques with Java},
	publisher={Academic Press},
	address={London, UK},
	language={English}
}

@book{Mitchell1997,
	author={Tom M. Mitchell},
	year={1997},
	title={Machine Learning},
	publisher={McGraw-Hill},
	address={New York},
	note={ID: 36417892},
	isbn={0070428077 9780070428072 0071154671 9780071154673},
	language={English}
}

@article{graphviz2001,
    address = {Vienna, Austria},
    author = {Ellson, John and Gansner, Emden R. and Koutsofios, Eleftherios and North, Stephen C. and Woodhull, Gordon},
    citeulike-article-id = {2716274},
    journal = {Graph Drawing},
    keywords = {graph, graphviz, ontology, owlviz, protege, visualization},
    pages = {483--484},
    posted-at = {2008-08-27 00:37:11},
    priority = {0},
    title = {Graphviz - Open Source Graph Drawing Tools},
    year = {2001}
}