@book{Bramer2007,
	author={Max Bramer},
	year={2007},
	title={Principles of Data Mining},
	publisher={Springer},
	address={London, UK},
	language={English}
}

@book{Mitchell1997,
	author={Tom M. Mitchell},
	year={1997},
	title={Machine Learning},
	publisher={McGraw-Hill},
	address={New York},
	note={ID: 36417892},
	isbn={0070428077 9780070428072 0071154671 9780071154673},
	language={English}
}
