@article{RefWorks:103,
	author={Alfred V. Aho and Margaret J. Corasick},
	year={1975},
	month={June},
	title={Efficient string matching: an aid to bibliographic search},
	journal={Commun.ACM},
	volume={18},
	number={6},
	pages={333-340},
	keywords={bibliographic search; computational complexity; finite state machines; information retrieval; keywords and phrases; string pattern matching; text-editing},
	isbn={0001-0782}
}


@book{RefWorks:109,
	author={Christopher D. Manning and Prabhakar Raghavan and Hinrich Schtze},
	year={2008},
	title={Introduction to Information Retrieval},
	publisher={Cambridge University Press},
	address={New York, NY, USA},
	isbn={0521865719, 9780521865715}
}

@article{RefWorks:110,
	author={John Ellson and Emden R. Gansner and Eleftherios Koutsofios and Stephen C. North and Gordon Woodhull},
	year={2001},
	title={Graphviz - Open Source Graph Drawing Tools},
	journal={Graph Drawing},
	pages={483-484},
	keywords={graph; graphviz; ontology; owlviz; protege; visualization}
}

@book{RefWorks:111,
	author={Aho A.V. and Sethi R. and Ullman J.D.},
	year={1986},
	title={Compilers. Principles, techniques, and tools},
	url={http://adsabs.harvard.edu/abs/1986cptt.book.....A}
}

@book{RefWorks:112,
	author={Elliot Berk},
	year={2003},
	title={{JLex: A Lexical Analyzer for Java}},
	publisher={Department of Computer Science, Princeton University},
        url={http://www.cs.princeton.edu/~appel/modern/java/JLex/}
}




